<record><leader>00000cas a2200000 a 4500</leader><controlfield tag="001">21437804</controlfield><controlfield tag="008">900427d1964198uiluwr ne      0   a0eng c</controlfield><datafield ind1=" " ind2=" " tag="010"><subfield code="a">sn 90054454 </subfield></datafield><datafield ind1=" " ind2=" " tag="040"><subfield code="a">NVF</subfield><subfield code="b">eng</subfield><subfield code="c">NVF</subfield><subfield code="d">NVF</subfield><subfield code="d">OCLCQ</subfield><subfield code="d">NVF</subfield><subfield code="d">OCLCF</subfield><subfield code="d">OCLCO</subfield></datafield><datafield ind1="1" ind2=" " tag="029"><subfield code="a">AU@</subfield><subfield code="b">000020607958</subfield></datafield><datafield ind1=" " ind2=" " tag="042"><subfield code="a">pcc</subfield></datafield><datafield ind1=" " ind2=" " tag="043"><subfield code="a">n-us-il</subfield></datafield><datafield ind1="0" ind2="4" tag="245"><subfield code="a">The Atlanta Argus and the Armington helper.</subfield></datafield><datafield ind1=" " ind2=" " tag="260"><subfield code="a">Atlanta, Ill. :</subfield><subfield code="b">Bob Wilson,</subfield><subfield code="c">1964-[198-?]</subfield></datafield><datafield ind1="2" ind2=" " tag="260"><subfield code="3">Aug. 31, 1972-May 24, 1973</subfield><subfield code="a">Atlanta, Ill. :</subfield><subfield code="b">Rollin R. Smith</subfield></datafield><datafield ind1="3" ind2=" " tag="260"><subfield code="3">May 31, 1973-Jan. 27, 1983</subfield><subfield code="a">Atlanta, Ill. :</subfield><subfield code="b">Victor J. Rickard</subfield></datafield><datafield ind1=" " ind2=" " tag="300"><subfield code="a">v.</subfield></datafield><datafield ind1=" " ind2=" " tag="310"><subfield code="a">Weekly</subfield></datafield><datafield ind1="0" ind2=" " tag="362"><subfield code="a">Year no. 97, issue no. 38 (Oct. 8, 1964)-</subfield></datafield><datafield ind1=" " ind2=" " tag="515"><subfield code="a">Continues the numbering of Atlanta Argus (Atlanta, Ill. : 1959).</subfield></datafield><datafield ind1=" " ind2=" " tag="580"><subfield code="a">Formed by the union of: Atlanta Argus (Atlanta, Ill. : 1959) and: Armington helper.</subfield></datafield><datafield ind1=" " ind2=" " tag="588"><subfield code="a">Latest issue consulted: Year 113, no. 4 (Jan. 27, 1983).</subfield></datafield><datafield ind1=" " ind2="0" tag="651"><subfield code="a">Atlanta (Ill.)</subfield><subfield code="v">Newspapers.</subfield></datafield><datafield ind1=" " ind2="0" tag="651"><subfield code="a">Armington (Ill.)</subfield><subfield code="v">Newspapers.</subfield></datafield><datafield ind1=" " ind2="7" tag="655"><subfield code="a">Newspapers.</subfield><subfield code="2">fast</subfield><subfield code="0">(OCoLC)fst01423814</subfield></datafield><datafield ind1=" " ind2="7" tag="651"><subfield code="a">Illinois</subfield><subfield code="z">Armington.</subfield><subfield code="2">fast</subfield><subfield code="0">(OCoLC)fst01273509</subfield></datafield><datafield ind1=" " ind2="7" tag="651"><subfield code="a">Illinois</subfield><subfield code="z">Atlanta.</subfield><subfield code="2">fast</subfield><subfield code="0">(OCoLC)fst01291443</subfield></datafield><datafield ind1=" " ind2=" " tag="752"><subfield code="a">United States</subfield><subfield code="b">Illinois</subfield><subfield code="c">Logan</subfield><subfield code="d">Atlanta.</subfield></datafield><datafield ind1="1" ind2="4" tag="780"><subfield code="t">Atlanta Argus (Atlanta, Ill. : 1959)</subfield><subfield code="w">(DLC)sn 90054449</subfield><subfield code="w">(OCoLC)21437883</subfield></datafield><datafield ind1="1" ind2="4" tag="780"><subfield code="t">Armington helper</subfield><subfield code="w">(DLC)sn 93056104</subfield><subfield code="w">(OCoLC)29216749</subfield></datafield></record>